<?xml version="1.0" encoding="UTF-8"?><collection xmlns="http://www.loc.gov/MARC21/slim"><record><leader>00639nam--2200181-i-4500</leader><controlfield tag="001">000026501</controlfield><controlfield tag="002">20161230</controlfield><controlfield tag="005">20161230201036</controlfield><controlfield tag="008">060222s1000------------r-----000-0-eng-d</controlfield><datafield ind1=" " ind2=" " tag="040"><subfield code="a">IFIN-HH</subfield></datafield><datafield ind1=" " ind2=" " tag="080"><subfield code="a">338.04:53.081</subfield></datafield><datafield ind1="1" ind2=" " tag="100"><subfield code="a">Page, Chester H</subfield></datafield><datafield ind1="1" ind2="0" tag="245"><subfield code="a">Si the international system of units. translation approved by international bureau of weight and mesures of its publication le systeme international d`unites</subfield><subfield code="c">Chester h. page, paul vigoureux (eds.)</subfield></datafield><datafield ind1=" " ind2=" " tag="260"><subfield code="a">London</subfield><subfield code="b">National Physical Laboratory</subfield><subfield code="c">1973</subfield></datafield><datafield ind1=" " ind2=" " tag="300"><subfield code="a">IX + 47 P</subfield></datafield><datafield ind1=" " ind2=" " tag="700"><subfield code="a">Vigoureaux, Paul</subfield><subfield code="e">Ed</subfield></datafield><datafield ind1=" " ind2=" " tag="852"><subfield code="a">39147</subfield><subfield code="c">53.081</subfield></datafield><datafield ind1=" " ind2=" " tag="CAT"><subfield code="a">Sys</subfield><subfield code="c">20160330</subfield><subfield code="h">123149</subfield></datafield></record></collection>